{
  "leader": "01993cam  22004811i 4500",
  "fields": [
    {
      "001": "ocm02554463\\"
    },
    {
      "003": "OCoLC"
    },
    {
      "005": "20211115153307.0"
    },
    {
      "008": "810815s1930\\\\\\\\nyua\\\\\\\\\\b\\\\\\\\000\\0\\eng\\\\"
    },
    {
      "010": {
        "ind1": "\\",
        "ind2": "\\",
        "subfields": [
          {
            "a": "   30023421 "
          }
        ]
      }
    },
    {
      "040": {
        "ind1": "\\",
        "ind2": "\\",
        "subfields": [
          {
            "a": "NLM"
          },
          {
            "b": "eng"
          },
          {
            "c": "NLM"
          },
          {
            "d": "EEX"
          },
          {
            "d": "CGC"
          },
          {
            "d": "OCLCF"
          },
          {
            "d": "OCLCQ"
          },
          {
            "d": "OCLCO"
          },
          {
            "d": "OCLCQ"
          },
          {
            "d": "OCLCA"
          },
          {
            "d": "NLM"
          },
          {
            "d": "OCLCO"
          }
        ]
      }
    },
    {
      "016": {
        "ind1": "7",
        "ind2": "\\",
        "subfields": [
          {
            "a": "30530680R"
          },
          {
            "2": "DNLM"
          }
        ]
      }
    },
    {
      "019": {
        "ind1": "\\",
        "ind2": "\\",
        "subfields": [
          {
            "a": "977427360"
          }
        ]
      }
    },
    {
      "035": {
        "ind1": "\\",
        "ind2": "\\",
        "subfields": [
          {
            "a": "(OCoLC)2554463"
          },
          {
            "z": "(OCoLC)977427360"
          }
        ]
      }
    },
    {
      "043": {
        "ind1": "\\",
        "ind2": "\\",
        "subfields": [
          {
            "a": "n-us-ma"
          },
          {
            "a": "n-us-mi"
          },
          {
            "a": "n-us-oh"
          }
        ]
      }
    },
    {
      "050": {
        "ind1": "\\",
        "ind2": "4",
        "subfields": [
          {
            "a": "RA445"
          },
          {
            "b": ".W22"
          }
        ]
      }
    },
    {
      "060": {
        "ind1": "0",
        "ind2": "0",
        "subfields": [
          {
            "a": "WA 540 AM4"
          },
          {
            "b": "W2s 1930"
          }
        ]
      }
    },
    {
      "082": {
        "ind1": "0",
        "ind2": "4",
        "subfields": [
          {
            "a": "362.109776"
          },
          {
            "b": "WAL"
          }
        ]
      }
    },
    {
      "100": {
        "ind1": "1",
        "ind2": "\\",
        "subfields": [
          {
            "a": "Wallace, James,"
          },
          {
            "d": "1877-"
          }
        ]
      }
    },
    {
      "245": {
        "ind1": "1",
        "ind2": "4",
        "subfields": [
          {
            "a": "The state health departments of Massachusetts, Michigan, and Ohio :"
          },
          {
            "b": "with a summary of activities and accomplishments, 1927-1928 /"
          },
          {
            "c": "by James Wallace ..."
          }
        ]
      }
    },
    {
      "260": {
        "ind1": "\\",
        "ind2": "\\",
        "subfields": [
          {
            "a": "New York :"
          },
          {
            "b": "The Commonwealth fund, Division of publications,"
          },
          {
            "c": "1930."
          }
        ]
      }
    },
    {
      "300": {
        "ind1": "\\",
        "ind2": "\\",
        "subfields": [
          {
            "a": "xi pages, 1 leaf, 192 pages :"
          },
          {
            "b": "illustrations ;"
          },
          {
            "c": "24 cm"
          }
        ]
      }
    },
    {
      "336": {
        "ind1": "\\",
        "ind2": "\\",
        "subfields": [
          {
            "a": "text"
          },
          {
            "b": "txt"
          },
          {
            "2": "rdacontent"
          }
        ]
      }
    },
    {
      "337": {
        "ind1": "\\",
        "ind2": "\\",
        "subfields": [
          {
            "a": "unmediated"
          },
          {
            "b": "n"
          },
          {
            "2": "rdamedia"
          }
        ]
      }
    },
    {
      "338": {
        "ind1": "\\",
        "ind2": "\\",
        "subfields": [
          {
            "a": "volume"
          },
          {
            "b": "nc"
          },
          {
            "2": "rdacarrier"
          }
        ]
      }
    },
    {
      "504": {
        "ind1": "\\",
        "ind2": "\\",
        "subfields": [
          {
            "a": "Includes bibliographical references (pages 191-192)."
          }
        ]
      }
    },
    {
      "610": {
        "ind1": "1",
        "ind2": "0",
        "subfields": [
          {
            "a": "Michigan."
          },
          {
            "b": "Department of Public Health."
          }
        ]
      }
    },
    {
      "650": {
        "ind1": "\\",
        "ind2": "0",
        "subfields": [
          {
            "a": "Health boards"
          },
          {
            "z": "Massachusetts."
          }
        ]
      }
    },
    {
      "650": {
        "ind1": "\\",
        "ind2": "0",
        "subfields": [
          {
            "a": "Health boards"
          },
          {
            "z": "Michigan."
          }
        ]
      }
    },
    {
      "650": {
        "ind1": "\\",
        "ind2": "0",
        "subfields": [
          {
            "a": "Health boards"
          },
          {
            "z": "Ohio."
          }
        ]
      }
    },
    {
      "610": {
        "ind1": "1",
        "ind2": "2",
        "subfields": [
          {
            "a": "Massachusetts."
          },
          {
            "b": "Department of Public Health."
          }
        ]
      }
    },
    {
      "610": {
        "ind1": "1",
        "ind2": "2",
        "subfields": [
          {
            "a": "Michigan."
          },
          {
            "b": "Department of Health."
          }
        ]
      }
    },
    {
      "610": {
        "ind1": "1",
        "ind2": "2",
        "subfields": [
          {
            "a": "Ohio."
          },
          {
            "b": "Department of Health."
          }
        ]
      }
    },
    {
      "610": {
        "ind1": "1",
        "ind2": "7",
        "subfields": [
          {
            "a": "Michigan."
          },
          {
            "b": "Department of Public Health."
          },
          {
            "2": "fast"
          },
          {
            "0": "(OCoLC)fst01834722"
          }
        ]
      }
    },
    {
      "650": {
        "ind1": "\\",
        "ind2": "7",
        "subfields": [
          {
            "a": "Health boards."
          },
          {
            "2": "fast"
          },
          {
            "0": "(OCoLC)fst00952838"
          }
        ]
      }
    },
    {
      "651": {
        "ind1": "\\",
        "ind2": "7",
        "subfields": [
          {
            "a": "Massachusetts."
          },
          {
            "2": "fast"
          },
          {
            "0": "(OCoLC)fst01204307"
          }
        ]
      }
    },
    {
      "651": {
        "ind1": "\\",
        "ind2": "7",
        "subfields": [
          {
            "a": "Michigan."
          },
          {
            "2": "fast"
          },
          {
            "0": "(OCoLC)fst01208387"
          }
        ]
      }
    },
    {
      "651": {
        "ind1": "\\",
        "ind2": "7",
        "subfields": [
          {
            "a": "Ohio."
          },
          {
            "2": "fast"
          },
          {
            "0": "(OCoLC)fst01205075"
          }
        ]
      }
    },
    {
      "776": {
        "ind1": "0",
        "ind2": "8",
        "subfields": [
          {
            "i": "Also issued on microfilm."
          },
          {
            "d": "[Bethesda, Md.] : National Library of Medicine, 1991."
          },
          {
            "h": "1 microfilm reel : negative ; 35 mm."
          }
        ]
      }
    },
    {
      "994": {
        "ind1": "\\",
        "ind2": "\\",
        "subfields": [
          {
            "a": "Z0"
          },
          {
            "b": "NYRVC"
          }
        ]
      }
    },
    {
      "948": {
        "ind1": "\\",
        "ind2": "\\",
        "subfields": [
          {
            "h": "NO HOLDINGS IN NYRVC - 57 OTHER HOLDINGS"
          }
        ]
      }
    },
    {
      "999": {
        "ind1": "\\",
        "ind2": "\\",
        "subfields": [
          {
            "a": "no barcode in first copy"
          }
        ]
      }
    },
    {
      "999": {
        "ind1": "\\",
        "ind2": "\\",
        "subfields": [
          {
            "a": "no barcode in second copy"
          }
        ]
      }
    }
  ]
}